@book{bib:cotelnikov,
    author = {И.Котельников and П.Чеботаев},
    title = {{\LaTeX} по-русски},
    publisher = {Сибирский хронограф},
    address = {Новосибирск},
    numpages = {496},
    language={russian},
    year = {2009}
}
@book{bib:baldin,
    author = {Е.М.Балдин},
    title = {Компьютерная типография \LaTeX},
    publisher = {БХВ-Петербург},
    address = {СПб.},
    numpages = {304},
    language={russian},
    year = {2008}
}
@book{bib:knuth:AllAbout,
    author = {Д.Э.Кнут},
    title = {Все про \TeX},
    publisher = {Вильямс},
    address = {М.},
    numpages = {560},
    language={russian},
    year = {2003}
}
@book{bib:alekseev:MusicTheory,
    author = {Б.Алексеев and А.Мясоедов},
    title = {Элементарная теория музыки},
    publisher = {Музыка},
    address = {М.},
    numpages = {240},
    language={russian},
    year = {1986}
}
@book{bib:puhol:SchoolGuitar,
    author = {Э.Пухоль},
    title = {Шлола игры на шестиструнной гитаре},
    publisher = {Кифара},
    address = {М.},
    numpages = {202},
    language={russian},
    year = {2014}
}
@book{bib:karkassi:SchoolGuitar,
    author = {М.Каркасси},
    title = {Шлола игры на шестиструнной гитаре},
    publisher = {Советский композитор},
    address = {М.},
    numpages = {152},
    language={russian},
    year = {1990}
}
@book{bib:vahromeev:Theory,
    author = {В.Вахромеев},
    title = {Элементарная теория музыки},
    publisher = {Государственное музыкальное издательство},
    address = {М.},
    numpages = {255},
    language={russian},
    year = {1961}
}
